@Book{xie2015,
  title = {Dynamic Documents with {R} and knitr},
  author = {Yihui Xie},
  publisher = {Chapman and Hall/CRC},
  address = {Boca Raton, Florida},
  year = {2015},
  edition = {2nd},
  note = {ISBN 978-1498716963},
  url = {http://yihui.name/knitr/},
},
  
  @book{wickham2018r,
  title={R for Data Science: Import, Tidy, Transform, Visualize, and Model Data},
  author={Wickham, H. and Grolemund, G.},
  isbn={9781491910368},
  lccn={2017300238},
  url={https://es.r4ds.hadley.nz/index.html},
  year={2018},
  publisher={O'Reilly Media}
}
  
